@misc{canThereBeCpp,
	author = "Logan Cox",
	year = "2010",
	publisher = "{KISS Institute of Practical Robotics (KIPR)}",
	organization = "{KISS Institute of Practical Robotics (KIPR)}",
	title = "{Can there be a KISS-C++ rather than KISS-C? \textpipe { }Botball Community}",
	howpublished = "\url{http://community.botball.org/forum/miscellaneous/suggestions-and-bugs/can-there-be-kiss-c-rather-kiss-c#comment-422}"
}

@misc{gpl3,
	author = "Richard Stallman and others",
	organization = "{Free Software Foundation (FSF)}",
	publisher = "{Free Software Foundation (FSF)}",
	address = "{51 Franklin St, Fifth Floor, Boston, MA 02110-1301 USA}",
	month = "06",
	day = "29",
	year = "2007",
	title = "{The GNU General Public License --- GNU Project --- Free Software Foundation (FSF)}",
	howpublished = "\url{http://www.gnu.org/licenses/gpl-3.0.html}"
}

@misc{forking,
	title = "{Help.GitHub --- Forking a project}",
	organization = "{GitHub Inc.}",
	publisher = "{GitHub Inc.}",
	year = "2010",
	howpublished = "\url{http://help.github.com/forking}"
}

@misc{pullRequest,
	title = "{Help.GitHub --- Forking a project}",
	organization = "{GitHub Inc.}",
	publisher = "{GitHub Inc.}",
	author = "Tom Preston-Werner and others",
	year = "2010",
	howpublished = "\url{http://github.com/guides/pull-requests}"
}

@misc{jamVM,
	title = "{JamVM --- A compact Java Virtual Machine}",
	publisher = "{Geeknet, Inc.}",
	author = "{Robert Lougher}",
	month = "01",
	day = "02",
	year = "2010",
	howpublished = "\url{http://jamvm.sourceforge.net}"
}

@misc{gnuClasspath,
	title = "{GNU Classpath --- GNU Project --- Free Software Foundation (FSF)}",
	organization = "{Free Software Foundation (FSF)}",
	publisher = "{Free Software Foundation (FSF)}",
	address = "{51 Franklin St, Fifth Floor, Boston, MA 02110-1301 USA}",
	month = "07",
	day = "30",
	year = "2009",
	howpublished = "\url{http://www.gnu.org/software/classpath}"
}

@misc{eclipse,
	title = "{Eclipse.org home}",
	organization = "{The Eclipse Foundation}",
	publisher = "{The Eclipse Foundation}",
	address = "{102 Centrepointe Drive, Ottawa, Ontario, Canada, K2G 6B1}",
	year = "2010",
	howpublished = "\url{http://www.eclipse.org}"
}

@misc{nnMod,
	title = "Hacking the CBC Botball Controller: Because It Wouldn’t Be a Botball Controller if It Couldn’t Be Hacked \textpipe { }Botball Community",
	author = "Jeremy Rand and Matt Thompson and Braden McDorman",
	year = "2009",
	school = "{Nease High School} and {Norman High School}",
	publisher = "{KISS Institute of Practical Robotics (KIPR)}",
	organization = "{KISS Institute of Practical Robotics (KIPR)}",
	howpublished = "\url{http://bit.ly/nn-cbc09} \url{http://community.botball.org/articles/hacking-cbc-botball-controller-because-it-wouldn\%E2\%80\%99t-be-botball-controller-if-it-couldn\%E2\%80\%99t-be-}"
}

@misc{setupWiki,
	title = "Install/Setup --- CBCJVM --- GitHub",
	organization = "{GitHub Inc.}",
	publisher = "{GitHub Inc.}",
	author = "Benjamin Woodruff",
	year = "2010",
	howpublished = "\url{http://wiki.github.com/catron/CBCJVM/installsetup}"
}

@misc{communityIrc,
	title = "Botballer's Chat \textpipe { }Botball Community",
	publisher = "{KISS Institute of Practical Robotics (KIPR)}",
	organization = "{KISS Institute of Practical Robotics (KIPR)}",
	year = "2010",
	howpublished = "\url{http://community.botball.org/botballers-chat}"
}